<record><leader>00000cas a2200000 a 4500</leader><controlfield tag="001">36847011</controlfield><controlfield tag="008">970502d19311932oruwr ne      0    0eng c</controlfield><datafield ind1=" " ind2=" " tag="010"><subfield code="a">sn 96088228 </subfield></datafield><datafield ind1=" " ind2=" " tag="040"><subfield code="a">OCN</subfield><subfield code="b">eng</subfield><subfield code="c">OCN</subfield><subfield code="d">OCLCQ</subfield><subfield code="d">ORU</subfield><subfield code="d">OCLCQ</subfield><subfield code="d">OCLCF</subfield><subfield code="d">OCLCO</subfield></datafield><datafield ind1=" " ind2=" " tag="042"><subfield code="a">pcc</subfield></datafield><datafield ind1=" " ind2=" " tag="043"><subfield code="a">n-us-or</subfield></datafield><datafield ind1="0" ind2="0" tag="245"><subfield code="a">Newberg scribe and Carlton sentinel.</subfield></datafield><datafield ind1=" " ind2=" " tag="260"><subfield code="a">Newberg, Yamhill County, Or. :</subfield><subfield code="b">Burt &amp; Woodman,</subfield><subfield code="c">1931-1932.</subfield></datafield><datafield ind1=" " ind2=" " tag="300"><subfield code="a">1 v.</subfield></datafield><datafield ind1=" " ind2=" " tag="310"><subfield code="a">Weekly</subfield></datafield><datafield ind1="0" ind2=" " tag="362"><subfield code="a">Vol. 1, no. 1 (Dec. 3, 1931)-v.1, no. 15 (Mar. 10, 1932).</subfield></datafield><datafield ind1=" " ind2=" " tag="530"><subfield code="a">Also issued on microfilm from University of Oregon.</subfield></datafield><datafield ind1=" " ind2="0" tag="651"><subfield code="a">Newberg (Or.)</subfield><subfield code="v">Newspapers.</subfield></datafield><datafield ind1=" " ind2="7" tag="655"><subfield code="a">Newspapers.</subfield><subfield code="2">fast</subfield><subfield code="0">(OCoLC)fst01423814</subfield></datafield><datafield ind1=" " ind2="7" tag="651"><subfield code="a">Oregon</subfield><subfield code="z">Newberg.</subfield><subfield code="2">fast</subfield><subfield code="0">(OCoLC)fst01226306</subfield></datafield><datafield ind1=" " ind2=" " tag="752"><subfield code="a">United States</subfield><subfield code="b">Oregon</subfield><subfield code="c">Yamhill</subfield><subfield code="d">Newberg.</subfield></datafield><datafield ind1="0" ind2="0" tag="780"><subfield code="t">Carlton sentinel</subfield><subfield code="w">(DLC)sn 96088229</subfield><subfield code="w">(OCoLC)36847008</subfield></datafield><datafield ind1="0" ind2="0" tag="785"><subfield code="t">Newberg scribe</subfield><subfield code="w">(DLC)sn 96088225</subfield><subfield code="w">(OCoLC)36847014</subfield></datafield></record>